<?xml version="1.0" encoding="UTF-8" ?><marc:collection xmlns:marc="http://www.loc.gov/MARC21/slim" xmlns:xsi="http://www.w3.org/2001/XMLSchema-instance" xsi:schemaLocation="http://www.loc.gov/MARC21/slim http://www.loc.gov/standards/marcxml/schema/MARC21slim.xsd">
<marc:record><marc:leader>02881cam a2200457Ii 4500</marc:leader>
<marc:controlfield tag="001">b12282194</marc:controlfield>
<marc:controlfield tag="003">UaCaAUL</marc:controlfield><marc:controlfield tag="005">20170717114529.0</marc:controlfield><marc:controlfield tag="008">011116s1904    ua       d    000 0 arar </marc:controlfield><marc:datafield tag="010" ind1=" " ind2=" "><marc:subfield code="a">ne 68003467</marc:subfield></marc:datafield><marc:datafield tag="035" ind1=" " ind2=" "><marc:subfield code="a">(OCoLC)48434634</marc:subfield></marc:datafield><marc:datafield tag="040" ind1=" " ind2=" "><marc:subfield code="a">DLC</marc:subfield><marc:subfield code="b">eng</marc:subfield><marc:subfield code="e">rda</marc:subfield><marc:subfield code="c">ZCU</marc:subfield><marc:subfield code="d">OCLCG</marc:subfield><marc:subfield code="d">OCLCF</marc:subfield><marc:subfield code="d">OCLCQ</marc:subfield><marc:subfield code="d">OCLCO</marc:subfield><marc:subfield code="d">MEAUC</marc:subfield></marc:datafield><marc:datafield tag="049" ind1=" " ind2=" "><marc:subfield code="a">MAIN</marc:subfield></marc:datafield><marc:datafield tag="050" ind1="0" ind2=" "><marc:subfield code="a">BP189</marc:subfield><marc:subfield code="b">.J8 1904</marc:subfield></marc:datafield><marc:datafield tag="066" ind1=" " ind2=" "><marc:subfield code="c">(3</marc:subfield></marc:datafield><marc:datafield tag="090" ind1=" " ind2=" "><marc:subfield code="a">BP189</marc:subfield><marc:subfield code="b">.J8 1904</marc:subfield></marc:datafield><marc:datafield tag="100" ind1="1" ind2=" "><marc:subfield code="6">880-01</marc:subfield><marc:subfield code="a">Jurjānī, ʻAlī ibn Muḥammad,</marc:subfield><marc:subfield code="c">al-Sayyid al-Sharīf,</marc:subfield><marc:subfield code="d">1340-1413,</marc:subfield><marc:subfield code="e">author.</marc:subfield></marc:datafield><marc:datafield tag="240" ind1="1" ind2="0"><marc:subfield code="6">880-02</marc:subfield><marc:subfield code="a">Taʻrīfāt.</marc:subfield></marc:datafield><marc:datafield tag="245" ind1="1" ind2="0"><marc:subfield code="6">880-03</marc:subfield><marc:subfield code="a">Hādhā Kitāb al-Taʻrīfāt /</marc:subfield><marc:subfield code="c">lil-fāḍil al-ajall wa-al-humām al-akmal farīd ʻaṣrihi wa-waḥīd dahrihi al-sayyid al-sharīf ʻAlī ibn Muḥammad al-Jurjānī, nafaʻanā Allāh wa-al-muslimīn bi-ʻulūmihi āmīn. Wa-yalīhi Bayān risālat al-iṣṭalāḥāt raʼīs al-ṣūfīyah al-wāridah fī al-Futūḥāt al-Makkīyah.</marc:subfield></marc:datafield><marc:datafield tag="246" ind1="3" ind2="3"><marc:subfield code="6">880-04</marc:subfield><marc:subfield code="a">Kitāb al-Taʻrīfāt.</marc:subfield></marc:datafield><marc:datafield tag="264" ind1=" " ind2="1"><marc:subfield code="6">880-05</marc:subfield><marc:subfield code="a">Miṣr :</marc:subfield><marc:subfield code="b">Ṭubiʻa bi-al-Maṭbaʻah al-Ḥamīdīyah al-Miṣrīyah,</marc:subfield><marc:subfield code="c">1321 H [1904]</marc:subfield></marc:datafield><marc:datafield tag="300" ind1=" " ind2=" "><marc:subfield code="a">179, 10 pages ;</marc:subfield><marc:subfield code="c">21 cm.</marc:subfield></marc:datafield><marc:datafield tag="336" ind1=" " ind2=" "><marc:subfield code="a">text</marc:subfield><marc:subfield code="b">txt</marc:subfield><marc:subfield code="2">rdacontent.</marc:subfield></marc:datafield><marc:datafield tag="337" ind1=" " ind2=" "><marc:subfield code="a">unmediated</marc:subfield><marc:subfield code="b">n</marc:subfield><marc:subfield code="2">rdamedia.</marc:subfield></marc:datafield><marc:datafield tag="338" ind1=" " ind2=" "><marc:subfield code="a">volume</marc:subfield><marc:subfield code="b">nc</marc:subfield><marc:subfield code="2">rdacarrier.</marc:subfield></marc:datafield><marc:datafield tag="500" ind1=" " ind2=" "><marc:subfield code="6">880-06</marc:subfield><marc:subfield code="a">Ṭubiʻa ʻalá dhimmat ḥaḍrat Muṣṭafá afandī Fahmī al-Kutbī bi-jiwār al-Azhar al-Sharīf bi-Miṣr.</marc:subfield></marc:datafield><marc:datafield tag="650" ind1=" " ind2="0"><marc:subfield code="a">Sufism</marc:subfield><marc:subfield code="v">Dictionaries</marc:subfield><marc:subfield code="x">Arabic.</marc:subfield></marc:datafield><marc:datafield tag="700" ind1="0" ind2=" "><marc:subfield code="6">880-07</marc:subfield><marc:subfield code="a">Ibn al-ʻArabī,</marc:subfield><marc:subfield code="d">1165-1240.</marc:subfield><marc:subfield code="t">Taʻrīfāt.</marc:subfield></marc:datafield><marc:datafield tag="740" ind1="0" ind2=" "><marc:subfield code="6">880-08</marc:subfield><marc:subfield code="a">Bayān risālat al-iṣṭalāḥāt raʼīs al-ṣūfīyah al-wāridah fī al-Futūḥāt al-Makkīyah.</marc:subfield></marc:datafield><marc:datafield tag="880" ind1="1" ind2=" "><marc:subfield code="6">100-01/(3/r</marc:subfield><marc:subfield code="a">جرجاني، علي بن محمد،</marc:subfield><marc:subfield code="c">السيد الشريف،</marc:subfield><marc:subfield code="d">1340-1413.</marc:subfield></marc:datafield><marc:datafield tag="880" ind1="1" ind2="0"><marc:subfield code="6">240-02/(3/r</marc:subfield><marc:subfield code="a">تعريفات.</marc:subfield></marc:datafield><marc:datafield tag="880" ind1=" " ind2="1"><marc:subfield code="6">264-05/(3/r</marc:subfield><marc:subfield code="a">مصر :</marc:subfield><marc:subfield code="b">طبع بالمطبعة الحميدية المصرية،</marc:subfield><marc:subfield code="c">1321 هـ [1904]</marc:subfield></marc:datafield><marc:datafield tag="880" ind1="1" ind2="0"><marc:subfield code="6">245-03/(3/r</marc:subfield><marc:subfield code="a">هذا كتاب التعريفات /</marc:subfield><marc:subfield code="c">للفاضل الأجل والهمام الأكمل فريد عصره ووحيد دهره السيد الشريف علي بن محمد الجرجاني، نفعنا الله والمسلمين بعلومه آمين. ويليه بيان رسالة اصطلاحات رئيس الصوفية الواردة في الفتوحات المكية..</marc:subfield></marc:datafield><marc:datafield tag="880" ind1="3" ind2="3"><marc:subfield code="6">246-04/(3/r</marc:subfield><marc:subfield code="a">كتاب التعريفات.</marc:subfield></marc:datafield><marc:datafield tag="880" ind1=" " ind2=" "><marc:subfield code="6">500-06/(3/r</marc:subfield><marc:subfield code="a">طبع على ذمة حضرة مصطفى أفندي فهمي الكتبي بجوار الأزهر الشريف بمصر..</marc:subfield></marc:datafield><marc:datafield tag="880" ind1="0" ind2=" "><marc:subfield code="6">700-07/(3/r</marc:subfield><marc:subfield code="a">ابن العربي،</marc:subfield><marc:subfield code="d">1165-1240.</marc:subfield><marc:subfield code="t">تعريفات..</marc:subfield></marc:datafield><marc:datafield tag="880" ind1="0" ind2=" "><marc:subfield code="6">740-08/(3/r</marc:subfield><marc:subfield code="a">بيان رسالة اصطلاحات رئيس الصوفية الواردة في الفتوحات المكية.</marc:subfield></marc:datafield><marc:datafield tag="907" ind1=" " ind2=" "><marc:subfield code="a">.b12282194</marc:subfield><marc:subfield code="b">main </marc:subfield></marc:datafield><marc:datafield tag="902" ind1=" " ind2=" "><marc:subfield code="a">170717</marc:subfield></marc:datafield><marc:datafield tag="998" ind1=" " ind2=" "><marc:subfield code="b">1</marc:subfield><marc:subfield code="c">990615</marc:subfield><marc:subfield code="d">m</marc:subfield><marc:subfield code="e">a</marc:subfield><marc:subfield code="f">-</marc:subfield><marc:subfield code="g">0</marc:subfield><marc:subfield code="k">MAH</marc:subfield></marc:datafield><marc:datafield tag="945" ind1=" " ind2=" "><marc:subfield code="l">main </marc:subfield></marc:datafield></marc:record>
</marc:collection>
